2684 4802
509 395 511 401 ·
578 369 650 414 =··.
699 341 771 436 ,158
821 365 874 430 ιτ

228 527 356 624 ⁸tundo
369 522 444 608 wria
468 517 516 590 sd
533 515 752 609 cerebrum,
794 537 888 609 quae
911 508 1244 586 aliis-irritationi.

149 629 151 638 ,
235 649 308 722 bus
324 667 390 748 per
405 636 553 738 ganglia
568 634 760 730 praeclusa
776 649 845 716 est,
862 630 946 711 eliis
965 649 1090 726 patere
1106 634 1248 725 possit..

181 837 184 844 ,
252 817 255 832 .
299 757 533 842 ›Cavendum
547 769 615 840 est,
631 769 689 824 'ne
701 767 865 844 systema
879 748 1119 845 gangliosum
1137 774 1157 820 a
1180 775 1244 820 ce·

234 881 372 964 rebreli
385 876 545 950 nimium
570 868 830 966 disjungatur.¹
872 865 1004 964 Quod,
1052 866 1123 938 etsi
1151 891 1246 963 pro.

173 1103 181 1113 .
231 1019 408 1101 wseparato
436 1008 631 1086 systemate
650 984 961 1072 habendorum,
984 1002 1112 1058 tamen
1132 983 1244 1058 abin

233 1123 345 1202 fluxu
368 1112 527 1196 cerebri,
551 1107 657 1204 quod
682 1104 943 1202 magnitudine
963 1104 1017 1173 in,
1030 1107 1243 1176 mammali-

152 1301 154 1309 ι
233 1242 310 1314 bus
333 1252 526 1329 tantopere
549 1227 717 1310 excellit,
742 1248 825 1294 non
842 1222 975 1294 omnio
990 1221 1154 1308 liberum
1168 1241 1242 1300 est.

173 1393 175 1400 ’
219 1357 384 1460 λριιιιιιιι
412 1347 601 1426 concessis
626 1343 755 1418 nescio
771 1339 945 1442 equidem
960 1365 1027 1412 cur
1041 1341 1242 1428 miremur,

235 1475 410 1554 stimulos
437 1485 503 1541 aut
525 1463 772 1566 inconsuetos
799 1474 864 1529 aut
884 1450 1093 1532 fortiores
1081 1477 1133 1534 tta
1148 1485 1243 1558 gan·

236 1599 326 1697 glis
338 1589 538 1688 percellere
553 1605 684 1678 posse,
708 1597 752 1668 ut
771 1599 912 1648 eorum
936 1577 996 1652 vis
1018 1601 1086 1674 per
1111 1601 1241 1652 ramos

236 1706 563 1790 communicantes
585 1698 632 1769 ad
657 1695 863 1775 medullam
894 1694 1079 1790 spinalem
1102 1697 1245 1768 redun

237 1833 313 1910 det
366 1833 560 1901 Caeterum
579 1818 671 1888 haec
689 1815 823 1888 saltem
837 1813 1078 1910 gangliorum
1101 1813 1157 1886 vis
1172 1838 1240 1884 su

236 1961 384 2050 perest,
411 1961 453 2014 ac
481 1938 588 2020 nulla
613 1961 654 2008 vr
643 1931 900 2056 morborum
930 1948 968 2002 et
987 1931 1240 2015 irritamento-

233 2067 323 2144 rum
347 2059 555 2188 frangitur,
580 2079 675 2150 quae
699 2029 876 2148 impedit,
908 2073 985 2144 quo
1010 2051 1137 2126 minus
1164 2072 1244 2122 vo.
1334 2069 1335 2076 ¹

145 2233 154 2248 ι
232 2185 392 2296 luntatis
423 2175 631 2273 imperium
655 2167 848 2268 usquead
881 2169 1077 2240 musculos
1105 2171 1241 2244 cordis

232 2291 301 2384 aut
318 2298 592 2406 intestinorum
617 2289 853 2362 extendatur.
921 2329 923 2336 ι

313 2427 442 2524 Itaque
458 2438 504 2486 eo
520 2398 593 2502 jem
611 2405 860 2506 perductus
830 2429 928 2490 sum,
945 2382 1024 2500 quo
1041 2385 1238 2502 pervenire

240 2540 342 2642 apud
361 2561 422 2609 me
442 2529 743 2648 constituerem,
772 2540 834 2609 ut,
869 2523 1046 2597 enarratis
1073 2549 1167 2619 quae
1196 2527 1241 2602 in

181 2725 183 2734 ι
228 2678 450 2752 *utramque
454 2637 598 2750 partem
616 2624 673 2716 de
680 2643 787 2719 nervi
808 2641 1033 2738 sympathici
1057 2641 1239 2738 dignitate

235 2776 556 2882 ganglioromque
582 2759 717 2836 natura
737 2759 920 2856 'disputari
942 2769 1125 2856 possunt,
1152 2785 1241 2832 cau-

159 2918 163 2924 ·
229 2891 376 3006 'sisque
382 2906 426 2962 et.
435 2881 666 2984 argumentis
689 2879 885 2976 utriusque
902 2879 1123 2951 sententiae
1121 2879 1243 2951 colla

85 3026 87 3036 '
157 3081 159 3088 .
237 3015 289 3088 tis
295 3027 345 3083 et
360 3003 597 3102 comparatis,
615 2994 708 3096 quae
728 2998 919 3072 simillima
936 2997 1018 3086 veri
1039 2993 1240 3068 videantur

237 3121 581 3226 comprobaverint:
609 3125 781 3194 Nervum
797 3113 1075 3209 syrupathicum
1090 3139 1160 3210 pro
1181 3139 1238 3186 se·

237 3263 366 3350 parato
382 3241 535 3341 quidem
552 3253 751 3368 systemate
766 3231 984 3304 habendum
1000 3255 1101 3318 esse,
1129 3232 1237 3322 cujus

238 3363 368 3466 fontes
384 3377 421 3432 et
435 3356 559 3430 centra
574 3354 722 3456 ganglia
740 3352 838 3442 sint,
871 3348 1094 3446 neutiquam
1109 3365 1239 3421 tamen

239 3487 529 3590 itaasystemate
542 3472 720 3546 cerebreh
729 3485 955 3560 sejunctum,
964 3485 1009 3538 ut
1025 3467 1239 3540 eommuni-

241 3603 408 3702 cationes
433 3617 521 3668 cum
551 3591 717 3668 medulla
743 3586 878 3684 spinali
901 3610 984 3657 ιιοιι
1004 3589 1238 3658 necessariae

238 3697 472 3816 videantur
499 3712 610 3784 Illam
631 3708 756 3782 autem
774 3701 973 3778 utilitatem
989 3703 1239 3802 gangliorum,

183 3861 338 3936 quae
366 3831 568 3904 nonnullis
593 3825 722 3899 nervis
750 3821 952 3930 miscendis
977 3839 1015 3892 et
1038 3839 1123 3916 apte
1146 3844 1240 3915 qua·

243 3971 468 4072 qoaversmn
492 3908 759 4018 distribuendis
778 3960 947 4016 constare
968 3929 1050 4016 risa
1077 3943 1144 4028 est,
1160 3935 1240 4011 for·

241 4061 382 4144 tuitdm'
398 4076 480 4140 esse
495 4083 532 4138 et
550 4056 845 4142 adventitiam.
