2684 4802
632 371 914 462 ..1642-

281 551 490 641 transeantt
523 551 661 631 'conus
694 557 760 632 filo
795 557 944 633 sublato
979 563 1287 640 communicatio

282 684 409 757 statim
434 677 669 762 restituatur,
701 677 748 747 id·
771 679 861 750 inde
886 679 1021 776 colligi
1045 697 1180 774 potest,
1209 687 1291 758 sal.

259 802 359 874 'tem
379 817 599 870 truncorum
623 819 829 868 nervorum
857 797 939 870 vim
962 821 1043 869 non
1066 798 1180 871 latius
1210 801 1289 874 dif-

279 917 403 995 fusam
430 935 528 998 csse,
549 935 662 1008 quam
684 913 807 1006 ipsam
820 901 1029 986 nervorum
1045 941 1287 1016 compagem.

349 1035 453 1110 Nolo
481 1031 655 1126 equidem
680 1030 822 1126 aliquid
838 1033 927 1102 certi
942 1033 1183 1122 constituere,
1212 1037 1287 1108 ubi

193 1163 197 1180 '
269 1155 299 1232 'a
324 1174 508 1227 sensuum
529 1149 788 1245 exploratione
812 1149 1072 1236 remotissimi,
1091 1153 1286 1248 hypothe-

265 1273 377 1348 „sium
399 1269 564 1342 vanitate
591 1265 783 1382 agitamur.
833 1271 975 1340 Verum
1005 1258 1129 1340 tamen
1163 1271 1282 1356 mihi,

200 1469 204 1496 Ι
275 1389 394 1491 multa
414 1411 538 1483 nuper
559 1385 605 1456 de
628 1387 762 1461 harum
784 1404 911 1456 rerum
936 1387 1100 1459 maxima
1125 1387 1285 1460 subtili-

273 1525 350 1613 tate
368 1504 567 1602 cogitanti,
597 1483 641 1574 ιιι
657 1519 824 1574 mentem
838 1503 968 1574 nescio
987 1505 1185 1598 quomodo
1200 1531 1284 1579 ma·

271 1627 373 1700 xima
400 1605 609 1695 similitudo
634 1641 813 1692 vasorum
834 1619 1048 1714 plantarum
1070 1639 1185 1717 atque
1217 1647 1280 1696 ca·
1331 1679 1332 1692 ,

270 1729 461 1844 pillarium
485 1736 638 1824 incidit,
664 1737 804 1834 quippe
826 1759 921 1832 quae
934 1739 1035 1811 vasis
1058 1739 1281 1832 majoribus

262 1861 559 1958 planctatam,
593 1855 763 1953 solisque
794 1853 1033 1953 capillaribus
1061 1857 1280 1935 instructae

268 2001 352 2052 csse
369 1973 578 2068 videantur.
1117 1997 1120 2008 ·

343 2093 514 2182 Primum
541 2091 643 2164 enim
668 2113 757 2164 vasa
767 2083 997 2190 plantarum
1020 2095 1101 2190 pari
1126 2097 1276 2196 exigui·

267 2231 343 2286 tate
359 2214 479 2284 latent
494 2211 610 2305 quam
625 2235 712 2283 vasa
731 2195 928 2307 capillaria.
949 2213 1110 2299 Deinde,
1128 2237 1266 2309 quem·

266 2329 473 2406 admodum
504 2353 593 2401 vasa
621 2329 855 2424 capillaria
842 2331 999 2426 imperio
1036 2331 1158 2404 cordis
1194 2358 1261 2406 ma·

211 2529 214 2536 ,
262 2451 366 2523 xima
413 2473 462 2520 ex
505 2463 608 2544 parte
654 2441 857 2520 subtracta
881 2465 999 2534 sunt,
1057 2451 1259 2550 omniaque

260 2569 413 2666 propria
437 2566 480 2638 vi
502 2555 788 2636 contractilitat'e
817 2585 954 2660 nempe
958 2560 1142 2662 quadam
1171 2589 1265 2668 ocu·

257 2685 307 2758 lis
341 2707 422 2754 ιιοιι
453 2673 780 2753 animadvertenda
809 2679 1029 2780 perficiunt,
1082 2685 1134 2780 ita
1155 2705 1262 2764 vasa

252 2803 472 2900 ‘plantarum
497 2797 543 2868 ab
571 2821 712 2895 organo
729 2796 882 2894 majori,
905 2823 1022 2896 aquo
1044 2805 1173 2878 omnis
1191 2807 1259 2880 vis

252 2918 397 2994 motrix
420 2916 529 3013 quasi
548 2916 720 3012 incipiat,
744 2941 825 2989 ιιοιι
844 2917 1023 3014 pendent.
1063 2923 1261 3020 Denique,

253 3020 312 3106 'uti
335 3055 424 3107 vasa
450 3033 659 3130 capillaria,
703 3035 775 3106 etsi
806 3031 882 3108 filis
906 3039 1054 3110 nerveis
1076 3045 1257 3131 carentia,

252 3153 294 3226 vi
307 3151 415 3226 vitali
436 3149 601 3250 praedita
627 3168 727 3237 sunt,
754 3170 848 3248 quac
871 3143 914 3224 in
937 3147 1119 3255 omnibus
1139 3165 1259 3254 parti·

178 3265 182 3272 ’
249 3257 320 3343 ltus
344 3272 386 3342 in
411 3267 577 3341 maximo
599 3291 791 3341 consensu
817 3285 893 3355 est,
921 3268 973 3340 ιιι
999 3275 1256 3370 vasa'pianta·
1329 3333 1330 3342 ,

126 3473 132 3478 .
246 3410 334 3462 rum
354 3385 482 3461 nervis
499 3385 626 3480 'plane
651 3379 848 3472 destituta,
879 3389 1006 3460 omnia
1033 3391 1251 3488 perficiunt,

245 3517 344 3602 quae
368 3503 414 3576 ad
430 3503 725 3576 conservandam
739 3507 905 3600 plantam
919 3509 1123 3580 necessaria
1145 3531 1251 3606 sunt,

242 3607 352 3694 Nihil
381 3617 486 3692 eitim‘
508 3617 679 3714 profecto
704 3623 746 3692 in
771 3627 996 3695 oeconomia
1019 3623 1246 3704 animalium·

244 3736 454 3834 perficitur,
474 3727 578 3832 quod
599 3761 682 3810 non
709 3739 822 3809 simili
848 3739 990 3830 modo,
1007 3743 1087 3816 -itlo
1112 3763 1245 3821 tamon

242 3853 364 3925 multo
383 3854 657 3950 simpliciori,
645 3879 687 3927 ιιι
708 3856 844 3951 plantis
865 3855 949 3944 fiat,
976 3864 1246 3967 recommonet,

117 4063 131 4072 .,
239 3969 448 4042 humorum
480 3971 766 4078 propulsiones,
802 3977 1046 4066 sacrationes,
1070 3985 1242 4086 excretio

238 4107 329 4174 nes,
376 4087 538 4184 indeque
562 4088 722 4162 oriunda
756 4093 940 4181 nutritio,
997 4075 1241 4192 reptoductio
